@inproceedings{exploring,
	title     = {Exploring ODEs},
	author    = {Lloyd N. Trefethen and Asgeir Birkisson and Tobin A. Driscoll},
	publisher = {Society for Industrial and Applied Mathematics},
	year      = {2018}
}

@book{spectralmethods,
	author    = {Trefethen, Lloyd N.},
	title     = {Spectral Methods in MATLAB},
	publisher = {Society for Industrial and Applied Mathematics},
	year      = {2000},
	doi       = {10.1137/1.9780898719598},
	url       = {https://epubs.siam.org/doi/abs/10.1137/1.9780898719598},
	eprint    = {https://epubs.siam.org/doi/pdf/10.1137/1.9780898719598}
}

@book{atap,
	author    = {Trefethen, Lloyd N.},
	title     = {Approximation Theory and Approximation Practice, Extended Edition},
	publisher = {Society for Industrial and Applied Mathematics},
	year      = {2019},
	doi       = {10.1137/1.9781611975949},
	address   = {Philadelphia, PA},
	url       = {https://epubs.siam.org/doi/abs/10.1137/1.9781611975949},
	eprint    = {https://epubs.siam.org/doi/pdf/10.1137/1.9781611975949}
}
